@ARTICLE{NESD1,
   AUTHOR  = {Annessi, Heinisch, Mayerhofer},
   TITLE   = {NES 2011/12 - D1 Project outline for the entire lab},  
   YEAR    = {2011}
}

@ARTICLE{NESD2,
   AUTHOR  = {Annessi, Heinisch, Mayerhofer},
   TITLE   = {NES 2011/12 - D2 Specification and design of the bus protocol},  
   YEAR    = {2011}
}

@ARTICLE{NESD3,
   AUTHOR  = {Annessi, Heinisch, Mayerhofer},
   TITLE   = {NES 2011/12 - D3 Specification and design of the control application},  
   YEAR    = {2011}
}
